<record><leader>00000cas a22000007a 4500</leader><controlfield tag="001">9925874</controlfield><controlfield tag="008">830920d1869191unyuwr ne      0    0eng d</controlfield><datafield ind1=" " ind2=" " tag="010"><subfield code="a">sn 83031380 </subfield></datafield><datafield ind1=" " ind2=" " tag="040"><subfield code="a">NPU</subfield><subfield code="b">eng</subfield><subfield code="c">NPU</subfield><subfield code="d">NPX</subfield><subfield code="d">NYS</subfield><subfield code="d">OCLCQ</subfield><subfield code="d">OCLCF</subfield><subfield code="d">OCLCO</subfield></datafield><datafield ind1=" " ind2=" " tag="042"><subfield code="a">msc</subfield></datafield><datafield ind1=" " ind2=" " tag="043"><subfield code="a">n-us-ny</subfield></datafield><datafield ind1="0" ind2=" " tag="130"><subfield code="a">Herkimer County news (Mohawk, N.Y.)</subfield></datafield><datafield ind1="1" ind2="0" tag="245"><subfield code="a">Herkimer County news.</subfield></datafield><datafield ind1="1" ind2="3" tag="246"><subfield code="a">Herkimer Co. news</subfield></datafield><datafield ind1=" " ind2=" " tag="260"><subfield code="a">Mohawk, N.Y. :</subfield><subfield code="b">Williams &amp; Perkins</subfield></datafield><datafield ind1=" " ind2=" " tag="300"><subfield code="a">v. ;</subfield><subfield code="c">62-68 cm.</subfield></datafield><datafield ind1=" " ind2=" " tag="310"><subfield code="a">Weekly</subfield></datafield><datafield ind1="1" ind2=" " tag="362"><subfield code="a">Began in 1869.</subfield><subfield code="z">Cf. Rowell, 1870.</subfield></datafield><datafield ind1="1" ind2=" " tag="362"><subfield code="a">Ceased in 1908?</subfield><subfield code="z">Cf. Gregory, W. Amer. newspapers.</subfield></datafield><datafield ind1=" " ind2=" " tag="500"><subfield code="a">Published in Little Falls, N.Y., &lt;Aug. 25, 1871&gt;-</subfield></datafield><datafield ind1=" " ind2=" " tag="500"><subfield code="a">Editors: W.R. Chapple, &lt;1876&gt;; H.A. Tozer, &lt;1876&gt;.</subfield></datafield><datafield ind1=" " ind2=" " tag="500"><subfield code="a">Publishers: Williams &amp; Perkins, &lt;1869&gt;; L.W. Flagg, &lt;1871&gt;; Chapman &amp; Chapple, &lt;1873&gt;; Chapple &amp; Tozer, &lt;1876&gt;; Chapple &amp; Olmstead, &lt;1900&gt;; N.D. Olmstead, &lt;1915&gt;.</subfield></datafield><datafield ind1=" " ind2=" " tag="588"><subfield code="a">Description based on: Vol. 1, no. 7 (July 15, 1869).</subfield></datafield><datafield ind1=" " ind2="0" tag="651"><subfield code="a">Mohawk (N.Y.)</subfield><subfield code="v">Newspapers.</subfield></datafield><datafield ind1=" " ind2="0" tag="651"><subfield code="a">Little Falls (N.Y.)</subfield><subfield code="v">Newspapers.</subfield></datafield><datafield ind1=" " ind2="0" tag="651"><subfield code="a">Herkimer County (N.Y.)</subfield><subfield code="v">Newspapers.</subfield></datafield><datafield ind1=" " ind2="7" tag="655"><subfield code="a">Newspapers.</subfield><subfield code="2">fast</subfield><subfield code="0">(OCoLC)fst01423814</subfield></datafield><datafield ind1=" " ind2="7" tag="651"><subfield code="a">New York (State)</subfield><subfield code="z">Herkimer County.</subfield><subfield code="2">fast</subfield><subfield code="0">(OCoLC)fst01223285</subfield></datafield><datafield ind1=" " ind2="7" tag="651"><subfield code="a">New York (State)</subfield><subfield code="z">Little Falls.</subfield><subfield code="2">fast</subfield><subfield code="0">(OCoLC)fst01224076</subfield></datafield><datafield ind1=" " ind2="7" tag="651"><subfield code="a">New York (State)</subfield><subfield code="z">Mohawk.</subfield><subfield code="2">fast</subfield><subfield code="0">(OCoLC)fst01213045</subfield></datafield><datafield ind1=" " ind2=" " tag="752"><subfield code="a">United States</subfield><subfield code="b">New York</subfield><subfield code="c">Herkimer</subfield><subfield code="d">Little Falls.</subfield></datafield><datafield ind1=" " ind2=" " tag="752"><subfield code="a">United States</subfield><subfield code="b">New York</subfield><subfield code="c">Herkimer</subfield><subfield code="d">Mohawk.</subfield></datafield><datafield ind1="0" ind2="7" tag="785"><subfield code="t">Herkimer semi weekly Democrat</subfield><subfield code="w">(DLC)sn 92061565</subfield><subfield code="w">(OCoLC)25823884</subfield></datafield><datafield ind1="0" ind2="7" tag="785"><subfield code="t">Herkimer County news and Herkimer County Democrat</subfield><subfield code="w">(DLC)sn 92061594</subfield><subfield code="w">(OCoLC)2573306</subfield></datafield></record>